2696 4706
211 338 290 394 m
428 309 985 396 numento.

210 539 305 614 lixae
327 499 457 652 studiis
477 525 760 668 elegantioribus
777 538 917 640 optime
938 539 1167 613 consulendi
1190 537 1339 653 volun

209 663 294 736 tatis
316 643 403 736 tuae
426 662 546 754 sama,
583 657 661 736 non
686 681 831 736 tantum
850 689 920 766 per
942 664 1222 758 Britanniam,
1271 694 1339 775 eet

210 789 322 862 etiam
348 790 517 888 belgium
536 787 698 888 aliaeque
727 789 899 908 regiones
926 789 1000 862 late
1026 789 1166 862 didita.
1234 767 1339 864 Eam

209 938 298 988 vero
318 913 583 1012 benignitatem
601 930 703 996 tuam
722 940 801 987 non
820 913 973 1006 auxisse,
1003 915 1069 988 sed
1092 915 1244 1016 potius
1276 917 1339 989 in·

53 1134 56 1142 Ι
209 1055 269 1112 tra
286 1039 478 1114 veritatem
496 1036 705 1128 substitisse,
743 1038 1031 1139 laudesquetibi
1050 1038 1208 1112 debitas
1233 1065 1339 1142 par·

210 1163 371 1238 oioribus
382 1215 395 1256 ,
438 1189 550 1264 quam
575 1163 813 1264 oportuerat,
850 1163 1061 1263 praeconiis
1089 1151 1339 1272 celebrasse,

79 1359 82 1370 ,
167 1303 173 1311 ’
209 1290 437 1392 experientia
462 1314 521 1361 me
553 1287 699 1378 docuit.¹
727 1277 829 1362 'Mox
859 1287 957 1358 enim
989 1290 1154 1362 caussam
1189 1275 1338 1366 meam

211 1413 403 1513 agentibus
431 1411 650 1485 facillimum
674 1427 711 1483 te
733 1409 955 1513 praebuisti,
994 1429 1052 1500 et,
1088 1397 1333 1516 quod⁸spe.

209 1565 294 1640 rare
315 1537 515 1641 inprobum
536 1537 734 1638 putassem,
766 1535 888 1610 minue
914 1552 996 1608 tuto
1025 1561 1095 1640 per
1117 1563 1241 1620 mare
1262 1541 1336 1612 iti·

210 1688 300 1736 nere
320 1664 446 1737 adme
469 1661 607 1737 deferri
618 1661 753 1762 ‘jussisti
772 1660 1033 1761 septemdecim
1052 1663 1213 1736 codices
1229 1664 1310 1738 LI
1309 1707 1328 1725 -

145 1857 148 1865 .
215 1786 452 1888 VIANOS,·
474 1813 631 1890 quorum
652 1785 831 1860 tredecim
853 1785 995 1860 calamo
1010 1783 1148 1880 exarati
1165 1785 1324 1888 partim

210 1931 307 2005 tres,
352 1916 488 2017 partim
504 1939 635 2005 unam,
682 1929 723 1984 ut
746 1928 903 2002 vocant,
956 1911 1097 1985 decada
1117 1910 1323 1988 librorum

211 2039 280 2115 LI
286 2039 330 2118 V
329 2040 356 2114 I
364 2039 394 2115 I
412 2038 681 2131 continebant3
715 2011 849 2136 reliqui
880 2035 977 2137 typis
1005 2035 1208 2140 descripti,
1250 2037 1316 2113 vel

57 2161 75 2214 -’
207 2162 544 2252 ultimavetullate,
568 2162 627 2236 rol
650 2159 851 2260 diligenter
866 2161 915 2235 ad
934 2163 1137 2262 marginem
1157 2145 1313 2239 notatis

165 2347 174 2364 ι
211 2285 594 2389 praestantissimarum
629 2285 927 2360 membranarum
960 2287 1203 2396 Variantibus
1233 2295 1312 2364 Le-

50 2455 54 2460 ·
212 2411 408 2501 ctionibus,
433 2409 687 2514 Manusoriptis
700 2428 806 2486 erant
823 2411 1034 2512 aequandi·
1061 2439 1154 2514 quos
1171 2437 1310 2488 omnes

211 2563 281 2641 per
299 2537 483 2645 integrum
496 2537 695 2610 triennium
715 2532 754 2610 in
775 2536 1020 2612 contubernio
1036 2562 1119 2610 meo
1141 2539 1309 2618 haerere

211 2660 446 2759 indulgenter
464 2659 665 2772 permisisti.
716 2663 799 2736 Hoc
818 2661 998 2762 praesidio
1016 2677 1215 2760 tantopere
1237 2685 1305 2735 co·

212 2803 339 2872 natum
358 2809 485 2856 meum
505 2781 567 2860 Ll
575 2784 671 2862 Vll
698 2785 863 2859 historias
888 2785 1052 2858 ornatius
1078 2783 1303 2886 publicandi

96 2945 124 2966 ω
213 2907 443 3013 promovisti,
469 2925 527 2998 ut,
554 2936 590 2983 er
576 2910 805 2986 editionem
823 2912 920 2985 banc
945 2910 1068 3000 alteri,
1096 2937 1212 3011 quam
1233 2911 1306 2984 tibi

212 3033 410 3108 inscribere
432 3034 537 3107 aidus
564 3031 720 3127 suiffem,
756 3036 835 3137 ipso
857 3061 916 3108 me
939 3025 1063 3137 judice
1086 3033 1222 3132 dignus
1242 3034 1303 3108 so·
1332 3017 1336 3030 ’

211 3183 290 3232 rem
301 3211 313 3248 ,
355 3157 418 3259 qui
448 3185 569 3261 neque
599 3161 819 3262 aequitatis,
853 3161 980 3258 neque
1010 3157 1299 3252 beneficiorum,

215 3308 310 3382 quae
328 3300 405 3354 tam
420 3283 523 3382 larga
542 3311 653 3358 manu
670 3285 711 3358 in
730 3312 789 3360 me
806 3281 1008 3372 contulisti,
1045 3306 1145 3372 cam,
1184 3311 1298 3386 quam

213 3390 345 3480 merita
371 3425 436 3480 tua
455 3406 707 3508 postulabant,
744 3411 926 3484 rationem
949 3406 1113 3488 babuisse
1137 3406 1293 3485 dicerer.

9 3609 11 3626 ,
87 3531 92 3548 “
213 3530 353 3630 Accipe
378 3531 506 3630 igitur,
536 3532 598 3608 VI
602 3533 637 3608 R
653 3533 682 3609 I
686 3534 827 3611 NLUS
833 3531 923 3609 TRI
929 3531 1009 3608 SSI
1014 3530 1116 3622 ME,
1142 3533 1289 3650 donum,

9 3691 11 3708 ·
95 3719 99 3727 .
215 3657 318 3756 quod
340 3657 474 3731 devota
495 3677 617 3732 mente
645 3657 799 3748 obiero,
834 3675 1026 3758 tamquam
1049 3653 1290 3730 testimonium
1333 3661 1336 3672 ’

215 3780 330 3858 animi
350 3781 450 3855 baud
470 3783 623 3881 ingrati,
655 3802 692 3857 et
720 3783 804 3884 qui,
838 3809 950 3884 quum
972 3780 1096 3855 dehita
1116 3779 1193 3878 tibi¹
1205 3807 1287 3881 per·

215 3905 356 3980 solvere
368 3926 549 4005 nequeat,
573 3911 651 4009 ejus
662 3927 786 3982 tamen
804 3905 919 3981 oflicii
937 3903 1144 4007 praestandi
1159 3905 1287 3977 vvolun·-

9 4127 10 4140 ἵ
214 4045 328 4102 tatem
350 4028 519 4108 sibinen
541 4032 678 4124 deesse,
713 4034 787 4106 hoo
804 4049 1043 4106 monumento
1066 4026 1210 4132 publice
1230 4025 1284 4100 sa·

52 4151 60 4180 ⁹
214 4171 346 4230 teatin.
396 4155 537 4259 Accipe
559 4183 712 4248 novam,
750 4183 864 4259 quam
882 4155 951 4231 tibi
978 4155 1177 4248 consecro,
1212 4152 1283 4228 edi-

1195 4282 1258 4358 tio·
