2690 4680
312 310 506 384 mnne
540 313 583 382 ιι.
636 309 747 382 eir.
783 313 905 386 xciv.
1041 310 1112 408 373

19 556 113 630 que
146 529 319 630 priuatim
347 527 484 627 aliquid
510 529 598 626 juris
626 529 795 604 adversus
822 529 982 628 singulos
1013 548 1111 621 eret,

20 653 190 755 partim
218 651 354 751 gretie,
393 653 526 751 purtim
551 652 784 741 auctoritate,
824 652 1031 743 obtinuere,
1069 670 1111 725 ut

20 773 269 849 tribuniciae
287 776 477 874 potestatis
499 777 590 847 vires
611 773 771 866 colubres
789 775 921 848 vellent
935 775 1112 876 reipubli-

25 923 106 971 cee
139 923 237 972 esee.
284 916 512 998 quatuorque
542 885 767 970 tribunorum
797 900 967 972 adversus
998 898 1146 974 unum6

27 1033 277 1096 moratorem
296 1019 432 1121 publici
456 1021 635 1096 commodi
662 1020 792 1092 auxilio
820 1021 998 1096 delectum
1019 1047 1108 1095 con·
1146 1027 1148 1038 ⁴

32 1243 186 1298 Florent.
202 1243 282 1299 Leid.
299 1266 323 1301 ι.
341 1253 370 1298 et
384 1244 502 1300 Gecrtn.
516 1263 568 1298 esse
601 1247 728 1300 hunorum
738 1247 860 1302 ubertus
871 1263 948 1300 etrum
956 1254 1110 1296 moratorem

32 1311 179 1366 Hevcrlt.
199 1312 352 1368 Praetereu
366 1313 445 1378 uiris,
459 1330 514 1384 pto
528 1316 567 1364 iu·
597 1317 700 1384 publici
711 1315 834 1368 eumenidi
848 1315 965 1378 auxilie,
984 1311 1110 1364 deiectum

34 1381 102 1442 ris,
123 1378 270 1450 Lipsiens.
286 1379 335 1452 qui
350 1397 435 1433 error
448 1398 480 1433 er
491 1380 566 1432 eimi-
599 1385 823 1436 eonsulesialent.
858 1382 950 1436 Porro
965 1395 1057 1432 nevum
1068 1379 1111 1432 dt·

35 1443 177 1498 litudinc
195 1446 344 1501 literarum
359 1449 387 1500 tu
403 1457 431 1500 ct
444 1450 473 1500 ui
487 1457 566 1500 ortus
600 1452 695 1501 iccium
709 1449 837 1502 hobitum
856 1447 926 1501 dicit
941 1446 1055 1516 Liuius,
1081 1441 1112 1497 id

39 1523 102 1567 eet.
124 1513 154 1580 (*
170 1515 197 1580 ὅ,
210 1533 238 1582 9,
252 1518 277 1570 5.
297 1517 388 1583 nr,do,
399 1517 439 1576 3.)
459 1515 565 1570 Simili·
600 1514 678 1588 quod
693 1514 757 1570 idco
773 1517 943 1586 factumest,
961 1530 997 1567 ue
1013 1509 1113 1585 prodi·

39 1589 92 1634 ter
106 1584 184 1634 turis
214 1599 247 1635 ro
258 1585 338 1648 uiris,
355 1583 502 1637 substituit
511 1581 564 1636 Inl.
600 1592 649 1636 tor
670 1583 717 1636 ilie
736 1584 894 1646 exercitus,
919 1581 969 1655 qui
990 1580 1112 1635 Fabium

40 1649 154 1704 Heius.
171 1599 285 1703 adsilit
301 1650 364 1703 ltei.
375 1653 483 1716 rbem.
500 1650 566 1703 Pari
600 1647 737 1704 adversus
770 1653 903 1717 Veientes
938 1657 1112 1727 pugnantem

42 1715 169 1770 ratione
189 1720 232 1769 ius
250 1727 279 1770 et
296 1719 340 1770 uis
356 1717 387 1770 in
403 1719 485 1772 blstis
500 1735 568 1770 con·
601 1733 674 1790 pene
690 1717 834 1782 destituit,
853 1733 954 1789 magno
971 1714 1112 1787 reipubli-

44 1780 225 1837 l'unduntur.
245 1787 280 1838 V.
296 1783 331 1838 od
344 1785 407 1838 biv.
420 1787 448 1851 3,
463 1785 506 1848 38,
527 1785 567 1840 13.
601 1801 651 1837 ccc
672 1783 774 1839 damno
796 1803 909 1841 rursum
929 1781 1111 1837 educeretur.

46 1851 198 1920 (⁶4,24,4.
213 1852 567 1921 ro,tu,7.)iudexetutdex.
601 1851 698 1905 Novus
725 1852 813 1926 igitur
838 1850 1112 1905 militum'delectue
1204 1851 1208 1868 ⁴

45 1917 88 1972 V.
104 1917 142 1971 ud
154 1937 183 1989 9,
201 1939 225 1985 ι,
238 1920 263 1974 8.
282 1919 332 1972 ubi
346 1921 429 1993 pluro
443 1920 545 1972 (licam.
601 1919 714 1973 habitus
733 1921 838 1974 auxilio
859 1930 1022 1973 ceterorum
1043 1933 1112 1987 que·

87 1985 196 2038 Partim
211 1988 522 2052 auctoritateebtinuert,
540 1995 569 2039 ut
602 1996 669 2040 tuor
693 1987 885 2041 tribunorum.
927 1987 989 2039 ,lem
1015 1981 1111 2038 errori

49 2053 214 2106 tribuniciae
230 2059 387 2126 potestatis]
411 2057 569 2108 atteteritute
602 2071 714 2106 eausam
728 2055 879 2125 praebuit,
902 2051 983 2175 pund
1006 2051 1113 2106 scioluc

51 2122 219 2184 obtinerent,
247 2124 405 2175 tribuniciae
430 2124 569 2192 potestatis
602 2119 723 2192 uliquis,
741 2122 898 2175 nesciente
921 2119 1053 2182 iectivum
1067 2137 1114 2170 nc-

52 2185 136 2240 Lcid.
152 2205 178 2242 u.
205 2186 264 2242 Sed
284 2188 421 2243 libuerint
440 2189 568 2242 scribere
585 2205 710 2257 ,cumque
724 2204 784 2242 esse
800 2187 983 2242 referentium
997 2186 1032 2240 ed
1046 2185 1113 2239 eub-

54 2255 184 2308 volnisse
193 2255 318 2324 videtur,
332 2253 569 2328 quemadmodum
602 2255 753 2311 stentivum
765 2256 904 2319 deiectum,
923 2252 1001 2327 quod
1013 2252 1112 2325 paullo

58 2321 311 2377 estiuGecrtner.
333 2327 487 2378 auctoritate
502 2325 569 2377 itit.
623 2332 667 2376 ott
683 2323 832 2396 sequitur,
859 2339 945 2395 quum
966 2339 1023 2375 non
1042 2329 1112 2393 que·
1201 2377 1217 2394 ,

58 2405 132 2451 uere,
151 2405 179 2444 ut
192 2393 349 2445 tribunicius
357 2393 508 2462 potestatis,
527 2388 568 2441 id·
601 2340 720 2444 drerent
734 2391 803 2444 hece
815 2389 873 2443 duo
883 2389 989 2456 verba,
1006 2403 1115 2441 nevum·

59 2472 117 2528 quc
147 2458 242 2511 verius
268 2458 456 2520 existimasse,
490 2455 570 2528 qued
602 2460 847 2528 quiritibunurutu,
865 2457 997 2530 scripsit,
1013 2469 1114 2507 necem·

83 2523 569 2595 ruccedentudpeiiarecimiliteriu·
603 2543 651 2596 que
672 2527 848 2579 tribunorum.
889 2524 920 2579 ld
943 2521 1075 2576 mendum
1097 2535 1115 2572 e

59 2541 170 2658 luitive
180 2592 333 2662 occiperet.
353 2592 410 2647 Sed
423 2609 508 2665 quum
521 2592 570 2646 atl-
602 2592 802 2674 manuscriptis
813 2590 1021 2664 exemplaribus
1030 2590 1061 2641 in
1071 2603 1117 2640 ex·

61 2661 170 2733 peitate,
188 2674 243 2732 pto
255 2661 427 2733 adpellueere,
445 2660 570 2733 potitum
604 2677 686 2713 cusos
699 2670 773 2731 typis
786 2660 899 2714 coelicet
912 2669 1012 2731 postet
1022 2667 1112 2710 trent·

65 2727 128 2800 cupi
139 2730 236 2800 possit,
258 2737 286 2780 ct
299 2727 329 2780 in
341 2729 457 2782 altorem
471 2725 570 2782 lectio.
603 2728 696 2780 iustum
710 2737 767 2787 est,
788 2728 1002 2801 necquicquam
1017 2723 1117 2778 obser·

66 2809 129 2848 nem
146 2799 290 2860 obtinuere,
314 2807 344 2848 ut
362 2795 465 2867 reliqui
487 2791 570 2847 codd.
605 2795 691 2848 vovit.
712 2789 1117 2865 ltobcntltencmibigretiem

67 2862 248 2932 conspirent,
280 2863 352 2916 nibil
379 2859 570 2915 innovandum
605 2860 736 2924 studiosi,
747 2861 795 2932 qni
806 2855 1117 2930 meoMertcpestlon·

13 2981 19 2998 Ι
67 2937 147 3001 puto.
182 2931 256 3007 Quin
278 2930 362 2983 etiem
384 2947 489 2983 novum
512 2945 571 2981 non
605 2922 1117 3051 garninquisitionemqermnnumbic

69 3011 144 3060 cese,
167 3008 196 3050 ιιι
212 2997 242 3050 ἰιι
258 2997 309 3050 bec
326 2999 417 3052 forme
432 2995 571 3050 orationis
604 2995 717 3049 vocabu
731 3015 775 3049 nm
791 2996 826 3050 de
840 3009 906 3070 poet
918 2993 1018 3049 iminio
1032 2998 1118 3045 resti-

69 3064 184 3116 vcrbum
201 3065 310 3118 finitum
326 3065 440 3118 inlicito
457 3064 571 3128 subjun.
605 3064 658 3117 tui.
676 3063 782 3121 fluuit.
803 3064 937 3120 Mundum
950 3071 992 3117 est
1005 3060 1118 3112 invece

91 3142 160 3194 ntur,
175 3149 258 3204 cupre
272 3133 572 3186 monuitCl.Dulterut
605 3149 708 3198 nouum,
726 3149 918 3204 qnamvoccm
929 3126 1119 3184 intexentes

70 3147 126 3254 boc
139 3199 188 3254 lib.
203 3198 238 3252 cd
253 3217 276 3254 c.
288 3201 335 3265 ud,
350 3217 390 3253 tt.
408 3205 491 3258 [vires
502 3200 572 3252 suist·
606 3215 712 3263 neniis,
733 3218 795 3255 cum
811 3211 895 3259 antec
907 3217 994 3253 nouem
1006 3195 1118 3268 legere·

73 3267 246 3328 dresVeitb.]
461 3272 465 3284 '
520 3323 522 3326 ,
606 3277 664 3320 tur.
690 3269 872 3336 nequeenim
888 3263 1119 3342 neeemtiibunles
1185 3306 1189 3315 ,

606 3335 657 3388 tini
680 3339 814 3391 resistcre
839 3337 967 3408 potuisse
990 3337 1119 3404 putavit,

109 3399 130 3469 i.
137 3403 160 3456 6.
170 3401 491 3471 Novemqmrttunorum]
499 3395 574 3476 Quid
608 3401 675 3474 quie
695 3404 738 3458 his
756 3403 934 3474 temporibus
950 3402 1119 3468 nondecim,

76 3469 156 3526 nobis
170 3469 214 3522 hic
228 3469 325 3523 livius
340 3477 436 3522 uenat
451 3465 486 3520 de
501 3466 576 3520 euri·
607 3479 639 3524 ut
660 3483 780 3542 postue,
807 3470 856 3525 sed
878 3475 991 3542 quinque
1009 3481 1121 3525 tentum

76 3535 575 3593 lioneuemtriiuncrumilionneente
609 3539 650 3609 (p.
662 3539 736 3606 439.)
754 3551 937 3604 crearentur,
954 3539 1038 3592 Livio
1054 3539 1120 3612 ipso

78 3603 154 3672 dixit,
166 3603 234 3659 dnos
249 3613 476 3658 tautumcrcotot
485 3602 574 3675 tribu·
609 3617 736 3660 auctore.
759 3607 857 3678 Itaque
871 3627 958 3662 nouum
971 3605 1008 3661 cd
1018 3623 1121 3661 vocem

80 3689 145 3736 nos,
165 3673 214 3744 qui
233 3672 302 3727 treis
319 3671 374 3725 sibi
390 3671 513 3742 collegas
531 3667 575 3722 ed·
609 3673 1122 3754 deiectumreferendumcentuit.Que

81 3739 225 3794 sciverint?
248 3739 318 3792 Num
338 3739 424 3812 igitur
439 3737 577 3792 memoria
607 3739 733 3795 lectione
746 3741 817 3795 nibil
830 3759 893 3796 esse
906 3735 1118 3815 duriuepoteet«

81 3807 165 3877 lapsus
181 3819 237 3872 est,
264 3807 312 3879 qui
330 3805 427 3859 decem
445 3805 577 3859 tribunes
609 3806 670 3880 Ego
682 3811 1123 3884 autcmlcgolibenter,qucmo·

81 3875 126 3930 liic
135 3874 268 3940 adstruat,
286 3874 335 3946 qni
344 3873 428 3995 lonqc
438 3883 503 3946 post
513 3881 578 3926 sunt
611 3873 715 3948 delegi
728 3877 914 3931 animadverti
925 3879 955 3934 in
964 3887 1076 3933 vetusto
1085 3877 1122 3930 li·

86 3943 202 4003 instituti,
222 3961 274 3996 ceu
287 3943 387 3996 tertius
410 3941 577 4003 ibericdo',
611 3943 1123 4019 bro,quatuorquetribuuerum,pree·
1143 3967 1146 3974 ·

19 4071 22 4081 ι
83 4015 121 4079 up]
135 4009 285 4064 indicabit?
302 4009 486 4082 Inspiciamus
501 4017 578 4062 vete·
612 4013 710 4066 sertim
720 4029 883 4084 veroquum
892 4013 1124 4082 Dionysiuteuu·

86 4077 578 4146 retneodicem,consentiuntvcrbe.
603 4077 677 4132 'dem
699 4079 764 4134 edet
784 4097 946 4148 numerum,
975 4080 1125 4153 inquient,

4 4197 6 4210 ‚
87 4145 153 4218 Ergo
163 4143 482 4199 tuebimurleetioncm?
497 4145 579 4197 mini·
613 4148 752 4216 circuunt
765 4147 796 4201 ln
809 4153 866 4203 τόν
882 4148 1044 4217 ὁημᾶρχων
1062 4147 1081 4201 l.
1095 4165 1123 4228 q.

5 4253 15 4284 ,
89 4229 137 4270 rue.
165 4213 341 4281 scribemus,
359 4223 512 4286 nwuinqut,
530 4217 580 4271 tri·
613 4219 655 4292 [p.
669 4218 739 4280 bon]
772 4216 870 4274 lleudl
891 4225 1124 4276 numerumn
