2726 4682
605 245 949 367 ,u-‚plttltss
990 347 995 363 ,

241 401 1310 453 -------4&·----—-—---—--———-·-

232 525 313 571 rum
338 499 475 589 iuerat,
515 518 578 572 aut
602 499 776 596 neglectis
807 501 1064 597 religionibus,
1102 519 1163 572 aut
1190 526 1314 600 prave·

234 623 361 716 cultis3
397 623 506 726 longe
538 623 817 725 antiquissimum
848 641 949 696 ratus
955 676 967 712 ,
1002 647 1107 696 sacra
1134 623 1286 724 publiea
1297 674 1310 711 ‚

267 845 325 897 Aut
345 845 469 914 neglectis
491 847 680 915 religionibus,
708 856 755 898 aut
789 842 846 896 sibi
864 855 892 899 et
906 843 1019 900 civibus
1038 846 1225 918 praestitisse3
1246 848 1313 900 Ho-

229 929 315 983 praue
332 911 425 972 cultis]
442 913 598 977 Praefero,
623 910 703 984 quod
719 911 756 966 cli
789 911 884 978 stilio,
904 910 933 965 in
945 913 1312 986 maguislicetvirtutihue,

234 983 264 1034 in
280 979 341 1033 Pal.
361 979 477 1052 primo,
497 993 544 1032 aut
565 983 669 1034 relictis
691 983 757 1033 reli·
789 997 825 1033 ne
845 982 951 1035 loetum
976 981 1139 1036 earumdem
1169 981 1315 1054 privatim

233 1050 368 1118 giant'bus.
397 1045 688 1127 GEBHARD3sacris
707 1061 756 1100 aut
789 997 964 1133 puitlieeque
990 1051 1183 1104 calamitosum
1197 1049 1291 1103 luisse
1300 1067 1312 1116 5

234 1117 359 1184 neglectis
370 1127 417 1168 aut
452 1117 619 1175 ruuecultts,
640 1117 755 1188 praefe-
790 1117 856 1172 ideo
883 1118 1065 1180 existimavit,
1094 1118 1201 1172 nullam
1225 1117 1313 1190 prio·

235 1193 304 1238 runt
326 1184 354 1235 h.
368 1181 395 1236 l.
441 1179 699 1254 capolit.Latinii,
727 1193 756 1236 et
790 1183 1210 1332 retnybicuramessedebere,
1244 1203 1315 1238 uam

236 1248 380 1308 editiones
399 1262 465 1304 ante
482 1247 602 1316 Aldum,
629 1251 678 1324 qui
696 1251 756 1324 pri·
791 1272 850 1307 reu
882 1253 1022 1308 undarum
1041 1255 1184 1308 avitarum
1198 1255 1228 1306 in
1252 1255 1313 1307 itu-

235 1337 298 1372 mus
312 1319 453 1392 vulgatam
463 1317 619 1374 lectionem
633 1319 755 1391 recepit.
792 1322 833 1392 (p.
848 1323 918 1387 155.)
936 1333 1046 1375 torum:
1065 1332 1093 1375 et
1105 1321 1179 1374 hunc
1195 1337 1316 1375 sensum

234 1387 348 1441 Eleum
373 1384 532 1453 defendunt
549 1404 648 1440 omnes
670 1387 756 1440 nostri
792 1407 873 1442 suum
885 1387 1042 1443 declaravit
1062 1388 1316 1461 praescribendo,

236 1453 370 1520 codices,
386 1455 443 1508 nisi
456 1453 535 1526 quod
549 1465 598 1506 aut
605 1458 708 1508 relictis
717 1473 757 1508 re·
792 1455 934 1529 quidquid
957 1456 991 1510 ad
1009 1456 1198 1510 caerimonias
1218 1457 1317 1529 perti·

236 1525 383 1593 ligionibus
399 1522 435 1575 sit
457 1523 486 1577 in
503 1521 645 1604 Lipsiens.
662 1533 690 1575 et
709 1535 758 1575 aut
792 1535 884 1578 neret.
920 1525 969 1579 Sic
987 1525 1080 1579 voluit
1103 1525 1219 1589 Livius,
1240 1524 1316 1577 scri-

237 1593 308 1644 sutis
329 1593 451 1662 neglectis
471 1592 661 1658 religionibus,
685 1607 757 1643 voce
792 1593 923 1666 psitque,
941 1595 1016 1662 lange
1030 1595 1248 1662 antiquissimum
1264 1609 1317 1646 ra·

237 1673 272 1711 ex
285 1657 471 1731 praecedenti
481 1655 605 1730 periodo
617 1657 757 1731 repetita,
793 1675 855 1723 tus,
873 1679 931 1714 non
955 1662 1087 1730 longeque.
1123 1661 1174 1724 Et,
1191 1669 1223 1712 ut
1241 1677 1317 1712 con-

236 1724 363 1779 habeant
376 1726 456 1782 Vols.
470 1745 492 1779 ι.
509 1735 537 1778 et
549 1725 683 1779 Leidens.
700 1743 755 1780 sec.
792 1729 966 1794 jaceremus,
996 1726 1106 1781 Buslid.
1136 1739 1165 1781 et
1195 1725 1316 1781 Chillet.
1350 1781 1357 1788 ,

236 1793 311 1846 Hinc
335 1794 385 1847 uni
405 1794 466 1847 Pal.
490 1793 601 1864 primo,
627 1795 673 1846 cui
700 1812 759 1847 non
792 1797 866 1848 Nota
883 1797 1024 1870 elegantia
1047 1801 1080 1848 ti
1099 1798 1237 1866 antiquus.
1264 1794 1317 1849 Gi-

237 1861 293 1916 uisi
314 1879 387 1916 unus
407 1879 555 1926 meorum,
583 1862 633 1934 qui
652 1861 759 1933 paesim
794 1881 862 1917 cero
881 1881 920 1917 ru.
941 1862 977 1917 ad
1001 1864 1059 1917 aa.
1080 1865 1150 1935 [Ep.
1168 1869 1222 1921 an]
1246 1863 1318 1928 Offi-

238 1945 303 1982 cum
323 1945 358 1982 eo
381 1929 477 1982 facere
502 1930 593 1995 solet,
612 1928 756 1989 concinit,
793 1934 863 1984 ciunt
879 1935 915 1984 sit
931 1934 1004 1985 uubis
1016 1933 1235 2000 antiquissimum.
1256 1930 1317 1984 Go-

190 2013 195 2023 ·
236 2006 345 2050 tantam
359 1995 444 2050 fidem
459 1995 618 2050 hahendam
629 2013 687 2050 non
702 1997 759 2050 exi·
793 1998 1006 2065 tumeltacso.
1027 1998 1315 2068 Antiquissimemefi,

220 2065 341 2131 .stimo‚
357 2075 388 2118 ut
397 2083 462 2118 cum
471 2063 628 2124 Gebhardo
638 2064 759 2136 reliquis
793 2069 934 2135 diligenter
955 2069 1101 2136 exquirere,
1131 2079 1156 2119 et
1172 2066 1318 2136 explorare

234 2133 339 2187 invitis
365 2143 509 2206 receptam
531 2132 685 2185 lectionem
700 2149 759 2186 mu·
791 2146 925 2206 parentem
934 2137 1049 2202 futurae
1062 2134 1159 2204 prolis.
1174 2132 1195 2184 l.
1209 2132 1245 2196 8,
1262 2137 1317 2200 [4.]

237 2211 347 2269 scmus,
374 2201 505 2272 quamvis
518 2201 580 2264 ejus
597 2201 759 2284 scripturae
794 2203 1024 2268 Antiquissimum
1041 2205 1076 2265 est
1093 2214 1196 2264 autent,
1213 2217 1276 2252 suen
1289 2203 1319 2252 in

238 2269 339 2324 severe
356 2270 491 2324 videatur
508 2268 678 2323 locusLivri
695 2285 757 2339 cap.
795 2271 914 2322 omnibus
935 2271 1088 2340 pecoribus,
1116 2282 1171 2321 tutte
1194 2270 1223 2318 t'te
1250 2271 1318 2332 luae,

239 2351 338 2410 praee·
359 2342 416 2394 Aut
437 2337 557 2390 Romana
576 2353 655 2390 sucta
673 2353 761 2390 susce·
790 2337 858 2402 ficies
879 2339 1010 2407 pastoris.
1045 2337 1070 2388 A
1092 2335 1130 2389 ud
1152 2334 1321 2390 Sallustium

236 2419 351 2477 perant,
375 2418 422 2458 aut
435 2407 579 2470 fortunae,
597 2416 627 2456 ut
638 2407 688 2471 fit,
705 2406 760 2457 abi·
796 2404 825 2455 in
840 2402 1008 2476 fragmentis
1024 2353 1097 2461 [ld.
1109 2404 1224 2462 Histon]
1248 2403 1321 2456 Taa-

240 2473 314 2536 rati,
341 2476 440 2526 cultum
468 2471 632 2591 reliquerant
665 2473 758 2525 Deum.
794 2483 851 2523 tuus
867 2473 1042 2541 antiquitatis
1059 2489 1188 2541 curaeque
1202 2474 1321 2540 majeri-
1358 2481 1361 2488 ·

262 2548 443 2612 raeterquam
457 2557 516 2611 quo
550 2541 636 2592 ctiam
650 2556 760 2592 earum·
795 2541 843 2591 bus
864 2557 913 2610 pro
933 2542 1031 2592 Italica
1065 2541 1227 2608 antefuisse.
1265 2539 1321 2593 Oi-

238 2554 306 2660 dem
316 2605 663 2679 literarumrepetiturum
673 2623 762 2660 sonus
795 2605 953 2660 sentiuntur
981 2623 1054 2659 voca
1075 2607 1124 2660 ulo
1155 2609 1259 2660 Deuca
1290 2615 1322 2660 et

239 2676 344 2730 relictis
352 2676 526 2745 religionibus
534 2673 651 2728 auribus
665 2674 760 2746 ingm-
795 2674 996 2744 Aucl'opma,
1014 2673 1321 2754 substituuntquetan·

210 2781 213 2788 .
241 2743 302 2803 tior
316 2740 448 2796 accidere
460 2740 604 2794 videatur.
628 2744 760 2796 Praeter·
796 2753 853 2794 tuen
871 2743 1028 2795 anxietatis.
1063 2740 1100 2794 At
1123 2741 1243 2796 &rusus
1266 2741 1322 2796 itta

242 2828 276 2866 ea
300 2828 381 2881 patae
403 2813 484 2864 sultis
512 2808 593 2862 Laid.
619 2826 676 2863 sec.
705 2827 760 2882 pro
796 2808 883 2862 modo
896 2809 981 2880 legit,
1000 2808 1050 2880 qui
1066 2808 1103 2862 ad
1117 2827 1143 2863 e.
1158 2809 1269 2878 Georg.
1288 2828 1320 2863 v.

170 2915 173 2920 -
239 2897 340 2952 praue,
360 2877 453 2931 literis
463 2877 603 2944 trajectis.
622 2877 659 2930 V.
674 2875 761 2930 modo
798 2879 855 2930 stt.
882 2877 1063 2947 Antiquusque
1094 2879 1181 2930 dentes
1211 2881 1321 2936 auiam,

241 2963 306 3068 {gp-
327 2963 425 3066 ppaec.
447 2944 471 3012 i.
491 2945 519 3000 8.
541 2962 628 3018 praue
652 2946 763 2998 incultis
796 2955 846 3064 apt
859 2947 1099 3065 reurraetuutiquagt
1111 2944 1248 3064 applicat,
1260 2957 1325 3065 tesest

298 3031 372 3067 ren.
796 3029 909 3065 caras:
987 3030 1017 3064 ιιι
1060 3029 1115 3066 oe
1144 3029 1204 3066 urst
1226 3030 1257 3065 ιιι
1274 3030 1325 3066 er·

277 3031 414 3152 longeque
431 3082 650 3150 antiquissimum
672 3085 761 3139 ratus]
819 3078 971 3132 rotationis
989 3031 1073 3133 fidiin
1093 3029 1209 3133 adhibet
1226 3081 1327 3142 verba

242 3151 282 3206 Ut
300 3149 371 3204 baec
391 3148 481 3202 verba
498 3147 622 3212 cadunt,
639 3147 762 3202 trecha·
796 3099 932 3202 insinuit.
968 3147 1076 3220 Figura
1098 3147 1151 3212 eii,
1176 3163 1263 3219 ιιιιιιιιι
1294 3149 1326 3202 ἓν

242 3215 342 3272 baisse
356 3233 468 3272 caussas
481 3215 590 3270 ductam
620 3225 695 3278 atet,
711 3233 764 3268 cut·
797 3214 951 3270 sedeccia
971 3224 1092 3282 vocant;
1117 3232 1183 3268 uam
1208 3227 1326 3268 tanturn

244 3300 326 3339 sacra
349 3285 494 3355 assignata
512 3284 543 3336 in
558 3234 678 3355 puiliro
695 3301 762 3354 pro·
797 3284 972 3350 antiquitatis
991 3300 1118 3353 auraeque
1135 3282 1187 3346 eli,
1206 3291 1325 3337 tantum

267 3353 391 3407 canerit:
409 3352 567 3425 exemplum
583 3354 646 3416 avi,
666 3368 763 3406 casum
798 3352 933 3421 antiquae
958 3361 986 3403 et
1007 3351 1118 3424 primae
1145 3366 1248 3414 curae,
1275 3350 1328 3404 vel

244 3369 424 3484 decessoris,
441 3431 471 3473 et
482 3419 583 3492 quodi
606 3437 636 3473 se
653 3419 764 3492 praeci·
798 3417 870 3472 adeo
890 3417 1116 3487 antiquissimam
1137 3413 1246 3471 curam.
1286 3419 1329 3474 Ut

245 3505 303 3562 pue
320 3487 375 3542 lsoc
392 3488 449 3542 sibi
463 3487 574 3560 negotii
585 3436 648 3542 dari
665 3484 764 3540 crede·
799 3485 873 3558 atiud
892 3485 1029 3538 Juliiuum
1048 3487 1095 3540 vel
1109 3488 1235 3554 Trogum
1249 3484 1274 3540 l.
1291 3502 1328 3550 a,

245 3565 299 3610 ret.
326 3554 385 3611 sed
397 3557 419 3610 si
436 3556 512 3610 bene
526 3555 701 3626 inspexeris,
716 3572 764 3627 ap·
800 3559 850 3614 [m]
866 3551 901 3606 de
915 3552 1044 3622 Scythis,
1066 3555 1156 3608 Lanae
1173 3557 1208 3606 iis
1227 3571 1260 3605 ac
1281 3570 1328 3606 ue-

245 3625 378 3696 parebit,
403 3623 459 3678 hoc
482 3623 599 3678 tertium
624 3641 681 3677 non
709 3639 765 3696 pro
798 3625 1085 3691 stiumususignatus.
1104 3619 1326 3690 etVirgilioiu.

246 3707 345 3746 cerusa
366 3691 495 3759 narrari3
522 3687 572 3744 sed
587 3708 642 3762 pro
660 3691 721 3761 ipsa
733 3705 764 3742 rs
800 3691 908 3759 Georg.
932 3709 960 3742 v.
983 3692 1178 3760 sculpturis
1202 3691 1328 3742 titaneus

247 3759 336 3830 gella,
360 3757 397 3816 etl
418 3777 504 3831 quam
523 3756 634 3816 duabus
659 3757 765 3812 caussis
799 3771 915 3817 etaurc,
935 3773 989 3830 pro
1007 3757 1116 3827 pateris
1132 3756 1237 3811 aurcis.
1264 3752 1328 3810 Ac.

245 3829 337 3885 luerit
358 3827 512 3899 impulsus:
537 3827 766 3896 publicationem
799 3835 942 3896 ceperunt
955 3841 971 3877 a
985 3823 1115 3878 Graccis.
1150 3821 1327 3878 Herodotus

246 3907 342 3954 aretem
351 3911 499 3950 sacrorum
507 3894 766 3964 adferritcmtquam
800 3891 994 3962 Terpsichore
1013 3897 1049 3952 [e.
1067 3893 1123 3953 63.]
1146 3891 1188 3948 Ta*
1205 3890 1275 3962 qia
1292 3900 1331 3946 ts

247 3959 765 4036 niodumagendiexlcquendiquede·
799 3959 853 4012 seu
869 3977 889 4012 a
910 3960 1053 4028 εσβύτερα
1080 3959 1266 4028 instructori
1285 3961 1327 4016 τὰ

248 4035 362 4088 stinata.
398 4030 474 4110 Quia
494 4028 567 4084 vidit
586 4047 669 4084 avum
685 4045 767 4082 suum
800 4032 857 4080 ratu
879 4028 1004 4094 aveque.
1038 4026 1174 4081 Aelianus
1193 4029 1222 4083 5.
1245 4032 1325 4085 Van

248 4101 425 4159 institutione
447 4109 533 4170 atque
561 4097 766 4152 observatione
803 4113 843 4166 ¹7·
861 4095 1053 4162 Πρεσβύτερα
1067 4095 1178 4150 τούτων
1190 4096 1325 4166 ἀμφοτέ-

249 4161 423 4243 religio'uutn
450 4165 567 4222 beatum
591 4181 711 4240 regnum
739 4174 768 4218 et
801 4179 863 4233 pase
883 4162 921 4219 eci
940 4163 995 4218 uoti
1013 4161 1089 4218 Secu
1113 4163 1324 4234 ποιησάμεναι
