2760 4678
233 252 280 348 42
325 209 328 224 '
632 251 677 320 c.
726 247 897 321 n1v11

233 503 365 573 magna
389 475 442 548 ris
474 450 659 559 horbinum
683 473 789 548 simiel
813 473 952 546 inmiil's
975 470 1149 546 corbibus
1174 470 1305 544 fudere

163 691 166 702 ι
235 603 274 674 in
298 599 479 689 Tiberim,
514 600 614 671 tenui
639 599 808 672 fluentem
835 622 948 697 aqua,
982 613 1024 670 ut
1046 595 1177 670 mediis
1205 594 1306 667 calo·

235 725 336 808 ribus
362 724 465 802 solet.
515 723 567 795 ita
591 723 629 794 in
653 721 754 796 vadis
777 721 984 796 haciitautis
1006 719 1177 796 [sarmenti
1204 744 1306 790 accr-

198 841 301 940 [μοι
334 847 460 921 sedilis
488 845 611 918 inlitos
644 845 742 918 limo.
793 845 948 922 Insulam
978 846 1063 920 inde
1096 841 1307 944 paullatim,

236 988 274 1044 et
307 949 422 1059 aliis,¹
446 994 539 1067 quac
571 967 643 1041 sert
676 984 812 1042 temere
844 971 997 1058 flumen,
1041 967 1171 1042 eodem
1207 965 1309 1038 inre·

238 1095 329 1182 ctis,
360 1090 508 1164 factam.
558 1091 681 1194 postea
705 1094 817 1166 credo
843 1092 985 1168 additas
1009 1091 1146 1178 mules,
1179 1113 1312 1162 manu·

238 1241 310 1318 que
334 1215 514 1314 adjutum,
542 1231 583 1288 ut
596 1232 682 1289 tam
705 1217 868 1289 eminens
893 1241 999 1304 area,
1022 1213 1196 1313 firmaque
1217 1229 1313 1286 tem-

237 1441 336 1498 risnns.
356 1437 431 1492 rendi
443 1437 594 1505 reiigiosnrn
602 1439 672 1505 suit.
690 1439 756 1494 reii-
788 1438 894 1502 nisset,
913 1437 938 1492 si
951 1437 1100 1512 paullatim
1115 1435 1163 1489 val
1175 1451 1233 1507 per
1243 1451 1314 1508 par.

237 1508 309 1578 gioni
316 1507 377 1573 fnit
387 1504 508 1558 inferius
520 1503 613 1578 inquit
627 1509 653 1570 5,
668 1508 714 1571 δι,
726 1507 754 1562 6.
789 1517 831 1560 tes
846 1505 986 1560 fudissent
1000 1508 1029 1560 in
1042 1504 1182 1560 Tiberim.
1202 1504 1317 1558 Caussa

275 1574 389 1642 segetem
402 1590 499 1642 magne
515 1574 556 1625 sis
570 1575 700 1626 hominurn
719 1577 755 1626 si.
789 1575 887 1647 itaque
899 1592 958 1629 non
971 1575 1023 1638 est,
1042 1593 1094 1628 cur
1107 1591 1122 1628 a
1136 1581 1257 1643 recepta
1274 1572 1315 1626 le·

238 1643 295 1696 enni
306 1643 417 1694 inneissa
431 1641 551 1696 cordibus
559 1643 658 1708 sedere
669 1645 697 1693 in
717 1643 756 1694 Τι’.
790 1642 886 1697 ctione
906 1641 1082 1697 recedamus.
1099 1643 1182 1694 sinent
1197 1645 1319 1694 inrisisse

240 1711 337 1770 ierim]
356 1707 468 1761 Gorbes
480 1708 635 1762 messoriae
651 1707 756 1763 intelli·
790 1713 860 1764 nim.
879 1712 909 1764 in
930 1726 1009 1775 eam,
1033 1709 1142 1764 sivein
1165 1719 1316 1779 segetem.

240 1777 299 1849 git,
319 1775 354 1830 de
374 1775 479 1846 quibua
495 1785 627 1830 auctores
648 1777 691 1832 rei
707 1794 757 1830 ru·
791 1777 871 1850 quod
892 1795 925 1831 ex
943 1778 1127 1850 praecedenti
1147 1777 1203 1829 huc
1226 1793 1318 1831 revo-

239 1845 338 1899 sticae.
357 1845 393 1896 H.
422 1842 550 1898 VALES.
575 1844 682 1899 Eorum
700 1859 757 1898 ma-
793 1843 1317 1912 candumv.inirshociibmdcio,

239 1911 433 1966 minitbivius
453 1910 527 1964 inira
547 1928 597 1976 aa,
618 1932 646 1976 ι,
667 1931 707 1966 ιο.
728 1916 759 1966 in
794 1931 834 1968 ιο.
852 1914 1005 1967 Praeterea
1015 1914 1131 1981 sundere
1144 1911 1228 1966 beid.
1245 1931 1273 1967 s.
1285 1923 1320 1968 ut

238 1981 350 2035 Antiati
359 1979 513 2034 metentibus
523 1991 645 2032 urentes
661 1982 689 2033 in
702 1997 758 2034 cor·
790 1998 846 2056 per
861 1981 1034 2036 infinitivum
1049 1981 1234 2052 concipietur
1247 1997 1320 2034 ora-

239 2051 293 2103 iern
313 2050 402 2121 spires
415 2047 545 2100 cecidisse.
563 2049 662 2101 Valcr.
684 2051 756 2104 Max.
791 2049 850 2113 tio,
869 2047 1107 2168 ‹puemadmodum
1123 2059 1151 2102 et
1163 2049 1319 2118 subjungi.

241 2135 272 2180 t,
292 2115 325 2178 6,
343 2117 369 2170 5.
396 2116 487 2169 Etiam
508 2119 665 2170 metentibus
685 2115 758 2187 apud
791 2126 856 2180 tur,
888 2131 917 2170 ta
930 2119 959 2169 in
977 2119 1054 2171 vadis
1072 2119 1234 2170 haesitantis
1251 2119 1322 2184 sru-

238 2186 352 2239 Antinnr
368 2195 491 2238 ementes
509 2185 598 2255 spicas
615 2187 642 2235 in
659 2187 758 2239 sordens
791 2186 872 2237 menti
890 2201 997 2239 acervos
1016 2185 1112 2238 sedisse
1128 2185 1221 2236 inlitos
1238 2186 1319 2238 lineo.

238 2250 373 2304 decidisse.
396 2249 480 2304 Oros.
499 2253 527 2316 4,
545 2253 585 2305 15.
605 2253 684 2323 Apud
700 2254 763 2312 An·,
792 2249 849 2306 scd
865 2251 937 2305 nihii
954 2250 1127 2305 mutandum.
1157 2269 1258 2322 magna
1277 2255 1321 2304 vis

238 2322 304 2372 rium
318 2321 472 2372 metentibus
485 2331 606 2371 cruentes
620 2322 712 2390 spicas
730 2321 759 2370 in
791 2321 922 2373 nominum
935 2321 1047 2387 sndere,
1072 2318 1322 2392 quemadmodum

238 2388 337 2440 cerbere
353 2385 488 2440 decidisse.
506 2385 609 2439 corbes
622 2385 758 2440 messori·
791 2391 880 2458 major
890 2390 1086 2460 pnrssngerent
1103 2389 1135 2453 5,
1152 2387 1202 2452 38,
1222 2389 1250 2443 ⁵.
1264 2387 1320 2441 ubi

240 2469 289 2535 ps,
306 2452 535 2574 vfficmmogmt’
558 2465 704 2576 grimm*
716 2463 757 2534 et-
792 2452 881 2574 piurpi
890 2453 966 2576 vidp.
976 2455 1078 2575 Fruge
1093 2465 1157 2575 ιῖιιξο
1169 2455 1321 2574 descripsere,

195 2566 198 2577 .
238 2537 296 2576 satu
368 2557 377 2576 .
415 2537 449 2574 ro
488 2537 543 2573 er.
594 2559 601 2572 .
663 2539 759 2574 ιιιιιιι-
812 2538 847 2576 ro
881 2540 1005 2584 esecern,
1059 2539 1110 2576 aar
1144 2561 1151 2576 .
1193 2539 1246 2574 ιιιι
1273 2539 1323 2576 ens

238 2606 298 2642 cens
317 2537 440 2660 perenibus
456 2592 597 2660 arripuit,
623 2607 682 2642 cunr
705 2605 760 2658 qne
791 2540 860 2644 broit
871 2589 970 2645 verbis
983 2589 1125 2662 proximis
1137 2541 1195 2658 alid
1209 2589 1323 2646 ordine

236 2660 354 2731 prinum
376 2657 484 2708 Ruinam
504 2658 541 2709 ad
559 2659 664 2708 comitia
685 2673 757 2710 oene-
792 2657 924 2732 praefert
936 2659 1009 2712 tenni
1022 2675 1094 2728 aqna
1101 2662 1236 2722 sinentem.

239 2737 301 2780 rat:
317 2725 441 2777 messoria
454 2742 479 2774 se
490 2727 691 2778 certesiensis.
705 2741 758 2777 un·
826 2728 856 2780 in
872 2727 951 2780 vadis
964 2729 1124 2778 haesitantis
1134 2727 1275 2792 frementi
1289 2744 1325 2779 s·

240 2789 331 2860 delde
354 2789 549 2863 magnitudine
572 2791 636 2844 talis
659 2791 758 2844 corbis
790 2809 880 2846 serves
894 2795 1037 2846 consedisse
1052 2793 1143 2846 inlitos
1158 2795 1241 2854 iimo]
1262 2795 1324 2847 dn·

240 2860 406 2925 coniectura
419 2859 487 2914 iniri
501 2860 601 2931 potest.
617 2863 759 2912 Memorat
792 2861 872 2932 tique
889 2861 976 2914 lectio
994 2877 1101 2914 acervos
1115 2861 1212 2914 sedisse
1229 2864 1326 2914 tiltres

262 2947 299 2986 uo
322 2944 357 2982 ue
372 2927 490 2982 Servius
506 2925 539 2980 ad
556 2927 639 2999 virg.
655 2927 716 2980 Eci.
731 2927 759 2991 8,
793 2930 864 2982 iimo.
885 2927 995 2981 RHEN.
1014 2930 1111 2981 sedisse
1130 2926 1216 2982 etiam
1233 2945 1324 3000 prae.

239 2947 282 3053 dn.
325 2995 760 3062 irginesVestalestresmaeinsee
793 2996 892 3050 ferisne
919 3011 1035 3058 omnes,
1067 3013 1141 3066 quos
1162 2997 1325 3061 consului,

240 3083 272 3118 ex
282 3065 366 3117 Nesis
379 3063 463 3133 Maiis
474 3064 509 3114 ed
514 3065 603 3136 pridie
619 3063 682 3114 idus
701 3063 759 3114 Ma·
794 3063 920 3125 codices,
941 3064 1026 3117 ctiam
1040 3065 1170 3117 Floreat.
1195 3076 1327 3134 praeter

240 3139 286 3204 jes
301 3132 411 3184 alternis
432 3132 523 3185 diebus
538 3133 628 3212 spicas
649 3131 760 3184 adoreas
793 3149 881 3185 unum
896 3132 1020 3186 ancrls.
1032 3132 1082 3204 qui
1097 3149 1111 3184 a
1126 3147 1212 3183 manu
1221 3147 1326 3186 emen.

242 3204 270 3252 in
286 3201 408 3254 corbibus
422 3201 573 3251 messuariis
580 3211 691 3269 perenne.
707 3198 760 3252 Ce-
794 3199 906 3254 datrice
922 3199 1008 3253 babet
1024 3200 1178 3253 consedisse.
1200 3199 1327 3255 Hearnc

242 3277 336 3322 terum
350 3267 396 3318 vir
410 3265 511 3320 doctus
528 3266 564 3319 ed
580 3283 669 3349 marg.
690 3265 759 3322 edit.
795 3269 894 3330 etiarn,
912 3279 1016 3321 nutans
1025 3269 1053 3320 in
1065 3266 1135 3322 edit.
1143 3269 1228 3321 Rom.
1238 3269 1327 3338 prin.

244 3335 398 3399 Curionis,
417 3344 446 3388 et
467 3333 572 3390 buton.
591 3335 761 3389 Perizonius
795 3337 861 3408 cipe
872 3338 1016 3390 consedisse
1032 3335 1105 3408 legi,
1132 3345 1270 3390 ettamen
1286 3336 1327 3392 de

244 3403 281 3458 ad
307 3420 387 3460 orem
410 3403 474 3457 cod.
500 3403 543 3458 eui
570 3414 760 3464 monuerunt,
797 3403 881 3459 codd.
898 3405 1261 3476 Oroniensiumscriptura
1279 3406 1327 3458 ni.

244 3471 321 3528 sorte
343 3471 493 3542 legendum
511 3475 658 3526 immissam
678 3476 764 3526 corbi·
796 3473 1027 3546 hiisubjungens,
1047 3473 1174 3527 indicare
1189 3471 1327 3541 videtur,

245 3537 762 3611 its.quontodoinunoetiasuHarloj.
797 3557 847 3594 eos
861 3554 977 3614 quoque
988 3552 1154 3596 constanter
1164 3541 1265 3594 sedisse
1279 3542 1326 3595 le-

245 3606 335 3678 antiq.
352 3608 459 3678 reperi.
472 3609 600 3680 Utraque
612 3608 700 3661 lectio
721 3625 762 3662 sa·
798 3625 875 3681 gere.
908 3611 997 3664 Sedere
1015 3612 1052 3666 est
1075 3609 1246 3666 obhaerere.
1278 3611 1328 3666 Ite

246 3675 283 3728 tis
299 3674 479 3730 commodum
495 3692 608 3728 tensum
625 3677 763 3746 praebet,
797 3686 884 3731 navos
895 3677 1033 3734 dicuntur
1041 3681 1143 3741 sedere,
1162 3680 1221 3740 vei,
1240 3677 1328 3751 prod

247 3753 276 3796 et
305 3741 376 3796 ferri
406 3743 506 3814 potest.
533 3741 640 3798 indicat
667 3747 762 3813 enirn,
798 3745 970 3802 tantumdem
995 3749 1085 3810 vaiet,
1106 3750 1210 3810 sidere,
1228 3765 1326 3818 qrsnm

248 3827 393 3875 caussam,
407 3829 459 3864 cur
472 3812 564 3869 insuia
580 3822 646 3866 nata
660 3813 712 3882 eit,
730 3815 763 3868 il·
797 3813 877 3868 vadis
887 3815 932 3868 voi
945 3818 1071 3888 scopulis
1081 3817 1254 3870 obhaerent.
1276 3817 1326 3870 ln.

247 3878 303 3933 lem
318 3878 424 3944 tuisse,
447 3879 525 3951 quod
538 3897 639 3954 magna
656 3881 698 3934 vis
713 3883 762 3938 bo·
796 3882 840 3936 ira
858 3885 906 3949 ab,
921 3886 970 3952 45,
985 3901 1012 3950 7.
1031 3883 1081 3937 Per
1091 3888 1240 3955 piscatores
1256 3886 1327 3938 Tar-

247 3947 356 4000 minum
372 3947 455 4002 simui
467 3949 598 4010 inmissa,
619 3950 665 4002 vel
679 3951 762 4004 simul
795 3968 960 4016 meceres,
994 3970 1060 4005 nunc
1078 3955 1180 4007 hoibns
1199 3957 1327 4024 eyneis,

249 4014 393 4068 inmissam
415 4016 554 4072 corbibus
572 4027 695 4104 segetem
717 4018 762 4071 fu·
795 4037 880 4084 nnnc,
898 4023 1141 4082 edisserimus,
1167 4025 1248 4076 vedis
1259 4041 1324 4094 per-

249 4080 345 4138 derint
360 4084 390 4137 in
402 4083 644 4140 Tiberinitonuta
668 4087 762 4142 undu·
796 4102 908 4155 sagatos
927 4105 1067 4160 sregnnrn,
1087 4105 1249 4162 conperisse
1274 4097 1326 4146 in·

251 4161 360 4220 entcm3
384 4153 464 4228 qood
475 4168 535 4212 nun
547 4153 588 4210 ita
601 4103 685 4210 taeda
697 4171 763 4210 eve·
796 4157 887 4221 hies,
901 4160 1014 4228 sertim
1026 4160 1140 4231 pedibus
1158 4161 1196 4214 ed
1214 4179 1323 4218 merere
