2760 4678
260 235 304 308 32
402 219 405 232 '
651 239 693 311 n.
743 239 914 315 nrv11

257 459 423 558 uertere,
451 463 683 543 inexorabilem
720 493 782 544 esse
793 523 804 560 ‚
842 456 1052 544 salubriorem
1090 467 1318 570 melioremque

257 588 366 688 inopi,
391 610 488 688 quem
508 591 654 688 potenti:
679 581 762 668 nihil
776 591 959 667 lexmncnte'
975 615 1031 665 uec
1051 594 1162 666 venire
1180 587 1319 681 iniere,

256 707 437 785 sitiendum
459 714 634 787 excesseris.
677 713 893 814 periculosum
917 737 996 802 esse,
1028 713 1065 788 io
1092 728 1144 788 tot
1166 709 1323 788 humenis

221 832 419 919 5eeroribus
436 833 506 909 solo
528 837 712 910 innocentie
730 838 848 910 vivere.
897 841 971 926 lta,
996 839 1071 935 jem
1095 861 1160 910 sun
1184 855 1321 939 sponte

259 957 375 1057 ungris
398 956 543 1050 animis,
568 955 676 1060 legati
701 959 746 1033 uh
770 958 912 1060 regibus
937 961 1213 1060 superveniunt,
1238 961 1320 1032 sine
1356 1041 1358 1046 ,

319 1101 321 1106 ·
1114 1079 1269 1156 mentio·

291 1283 350 1356 §.ip
372 1289 449 1360 leges
470 1306 524 1345 rcsn
541 1287 665 1357 curiam,
684 1291 768 1345 inexo-
802 1297 876 1345 sunt.
894 1287 932 1345 V·
943 1284 1079 1344 similium
1089 1282 1226 1359 syllabum
1240 1285 1326 1360 epurl

258 1360 370 1411 rabilem
385 1365 447 1418 csse]
457 1361 536 1428 legens
549 1357 661 1414 Leidm.
679 1361 768 1412 etlle-
801 1359 1116 1424 Volumnianum.
1143 1356 1321 1410 Praesertim

258 1424 333 1478 senii
345 1425 437 1478 Onon.
450 1427 482 1480 N.
511 1425 564 1478 Cui
574 1425 691 1481 lectioni
703 1427 768 1488 sub·
802 1443 873 1481 vero
895 1427 993 1482 livius
1012 1425 1048 1480 ab
1071 1423 1228 1497 antiquatis
1251 1422 1319 1478 elili-

258 1491 418 1545 stituenelao
427 1487 555 1548 librariis
568 1510 662 1547 ansam
678 1492 768 1556 dedis·
802 1506 904 1567 genter
920 1493 1070 1559 abstinuit,
1089 1494 1144 1548 nini
1166 1491 1263 1564 quon,
1282 1489 1320 1544 acl

259 1574 289 1611 sc
304 1558 433 1625 videtur,
451 1558 528 1633 quod
542 1559 640 1614 Livius
655 1559 768 1635 elelcgi·
801 1571 921 1617 veteres.
928 1561 1064 1616 formulas
1073 1561 1121 1616 vel
1133 1570 1319 1616 senatuscon-

257 1621 312 1680 bus
331 1644 448 1682 numero
471 1627 606 1698 singulari
623 1625 766 1701 loquatur.
802 1629 960 1690 cultorum,
984 1627 1030 1681 vel
1052 1629 1163 1702 legum,
1181 1628 1227 1680 vel
1247 1627 1321 1697 aliog

258 1691 292 1746 ld
303 1710 374 1748 vero
388 1693 454 1748 ideo
469 1695 570 1750 secisse
580 1692 708 1758 videtur,
723 1696 768 1748 vel
802 1713 865 1750 rum
881 1695 1015 1750 similium
1032 1696 1209 1768 respiciens,
1229 1695 1318 1748 inter·

259 1761 393 1833 quoniam
406 1780 453 1816 cas
466 1775 496 1816 ut
510 1781 615 1834 corpus
626 1761 767 1835 quoddam
802 1761 867 1827 dum
895 1763 957 1834 ipsa
988 1761 1102 1817 illarum
1127 1762 1320 1817 formularum

258 1845 291 1882 ao
309 1829 507 1886 collectionem
529 1828 766 1892 consideraverit,
801 1828 907 1893 rerba,
924 1827 993 1885 licet
1006 1847 1058 1885 tuo
1074 1841 1206 1904 tempore
1220 1845 1320 1882 ceusu

258 1895 454 1968 vclquonism
470 1915 526 1952 rena
544 1897 768 1970 caelcmqueom-
802 1897 989 1964 recesserint,
1022 1897 1115 1954 studio
1141 1908 1255 1963 terret,
1287 1905 1320 1951 ut

259 1963 337 2016 nium
347 1964 439 2036 logum
454 1965 546 2022 inbac
563 1983 594 2018 ro
608 1967 645 2018 sit
658 1976 767 2018 natura.
803 1964 878 2019 inira
892 1964 1043 2020 dicendum
1056 1965 1142 2030 adin,
1153 1985 1179 2028 s,
1190 1983 1216 2018 s.
1235 1965 1323 2040 *Qua-

258 2029 335 2084 Nihil
350 2031 445 2103 ithue
461 2032 634 2087 mutandum.
659 2031 769 2088 Deinde
802 2029 829 2086 le
846 2051 933 2106 quum
946 2033 1001 2087 hoc
1016 2031 1083 2086 loco
1098 2051 1156 2087 non
1170 2040 1319 2093 occurrat,

258 2098 768 2155 surdameeineeorabilcmidemlscid.
803 2102 887 2154 etiam
902 2099 990 2154 Palat.
1010 2118 1055 2172 pr.
1077 2102 1247 2172 scripturam
1272 2117 1320 2152 ex·

259 2183 284 2220 s.
303 2167 420 2220 Gaertn.
446 2177 473 2219 et
495 2169 616 2222 llaverle.
643 2166 767 2228 [veliin]
782 2198 786 2210 ι
802 2172 881 2223 cessis
902 2165 1028 2251 probare
1048 2185 1178 2239 neque05
1199 2163 1249 2220 ced
1266 2183 1320 2239 pc·

259 2231 316 2286 Sed
331 2234 490 2288 coesnerios
507 2235 591 2288 etiem
608 2249 768 2304 praecesse·
802 2235 858 2290 tius
871 2235 1011 2299 existimo,
1030 2234 1098 2287 olim
1109 2235 1248 2306 scriptum
1264 2248 1321 2305 per

259 2311 320 2365 rat,
339 2305 423 2372 Aque
437 2304 567 2374 inpetres,
584 2305 630 2356 ubi
643 2306 704 2370 jus,
723 2302 770 2355 ubi
803 2302 1001 2374 compendium
1020 2299 1106 2356 inisse
1121 2301 1318 2372 cncess'is,pro

258 2369 363 2436 injuria
381 2387 445 2440 epus
463 2372 515 2422 sit:
533 2389 586 2422 esse
604 2373 712 2456 prurire
731 2370 769 2420 io·
802 2374 958 2433 excesseris,
970 2366 1318 2422 evanescentcautemad·

257 2451 330 2500 cnm,
346 2453 404 2488 esse
412 2437 535 2500 beneficio.
562 2437 598 2488 V.
613 2434 689 2489 infru
699 2431 767 2497 ads,
804 2435 862 2490 dita
875 2449 943 2491 nota
964 2435 1066 2492 deinde
1084 2433 1220 2490 mansisse
1233 2453 1320 2488 exces-

257 2504 319 2569 Μ.
350 2503 483 2557 Ceterum
499 2499 768 2556 lllocleiusndmnr-
802 2506 852 2556 sis.
905 2523 956 2558 nac
978 2514 1071 2558 autem
1096 2503 1152 2558 alin
1177 2521 1211 2556 eu
1230 2501 1318 2554 Livio

258 2568 352 2638 qinein
371 2568 446 2622 Livii
469 2567 659 2640 adscripscrat
674 2569 769 2623 locum
803 2506 1059 2653 ipsoqlebhardus
1080 2570 1223 2634 laudavit,
1247 2569 1319 2624 alte·

256 2639 382 2690 Vnrron.
396 2636 427 2688 in
436 2636 544 2690 Manio.
568 2636 622 2689 Len
636 2655 714 2705 reoque
729 2639 768 2688 in·
803 2655 863 2693 rsus
884 2638 997 2710 generis
1017 2649 1099 2701 sunt,
1124 2654 1217 2710 neque
1240 2637 1320 2690 inter

257 2707 353 2758 nocenti
365 2717 475 2776 propser
491 2705 658 2757 inimicitiam
674 2703 769 2756 obseri-
803 2705 976 2776 urclsnismos
996 2701 1197 2769 numeranda,
1211 2703 1262 2758 sed
1283 2701 1320 2757 ad

256 2772 354 2841 gillae,
372 2789 449 2840 neque
463 2773 561 2824 nocenti
573 2782 685 2843 propter
701 2771 769 2823 arei·
803 2774 1013 2827 contractiones
1034 2769 1202 2835 referende,
1226 2768 1318 2844 quaii-

257 2839 375 2898 eiriasni
394 2841 487 2891 noscit.
802 2838 855 2892 bus
875 2840 976 2912 optimi
992 2837 1147 2911 scriptores
1164 2839 1194 2891 in
1211 2839 1318 2892 multo·

291 2903 322 2960 Si
330 2923 354 2958 ne
389 2921 432 2958 uere
442 2908 593 2966 recesseris]
607 2907 769 2974 'sicliniensis
802 2925 865 2960 rum
879 2906 1033 2961 verborum
1057 2907 1236 2978 temporibus
1251 2923 1319 2977 pcr-

257 2983 302 3035 et,
325 2983 358 3026 ut
371 2983 464 3045 puto,
483 2989 553 3026 rere
571 2975 660 3028 Pelet.
676 2991 722 3045 pr.
744 2975 770 3025 si
802 2969 996 3045 iectispassim
1010 2982 1137 3035 utuntur,
1153 2973 1320 3044 quibusque

255 3041 355 3095 modurn
376 3044 498 3094 excessis.
533 3039 572 3093 Et
588 3038 703 3095 ridetur
722 3040 767 3093 Li·
802 3041 898 3094 Livius
912 3039 1081 3112 praesertim
1097 3037 1252 3094 delectatus
1270 3041 1318 3094 cll.

256 3107 320 3162 vius
345 3124 440 3162 amare
467 3108 540 3162 hanc
563 3108 768 3161 concisionem.
802 3107 839 3161 V.
855 3107 931 3162 inire
944 3107 980 3163 ad
991 3110 1017 3171 ὑ,
1035 3107 1074 3172 ι8,
1092 3126 1152 3172 eo„

257 3173 306 3230 Sic
319 3193 407 3248 supra
420 3175 517 3246 pusillo
530 3192 556 3228 c.
566 3193 591 3230 s.
615 3172 769 3244 Tarquinios

257 3262 335 3314 regno
353 3244 484 3297 eisnesse.
507 3243 540 3308 3,
562 3248 589 3310 4.
614 3245 769 3296 Ecetranum
836 3240 1009 3296 Periculosum
1024 3259 1078 3296 esre
1096 3245 1124 3295 in
1138 3253 1178 3295 ror
1193 3243 1320 3294 iunianis

257 3315 293 3365 ced
300 3315 403 3380 Aequos
410 3311 530 3364 descisse.
537 3307 613 3364 Ibit.
622 3308 691 3364 csss.
699 3308 769 3381 legit
802 3313 947 3370 erroribus]
955 3311 1100 3381 periculum
1109 3309 1250 3362 eseross'.
1261 3325 1320 3364 ecc.

256 3377 407 3432 Rhenanus
436 3380 463 3430 si
491 3396 518 3429 se
545 3378 642 3431 edoceri
663 3379 768 3430 sissent.
802 3375 843 3432 ro·
857 3397 911 3431 esse
926 3377 1033 3432 emulat
1048 3375 1084 3430 ab
1100 3375 1226 3451 Huvcrlq.

277 3465 316 3502 uo
328 3443 480 3520 Apolline,
502 3443 615 3500 dubito.
634 3443 675 3498 sic
691 3445 717 3507 3,
725 3447 768 3511 47.

257 3465 379 3580 accresse.
398 3513 475 3577 c.l,8.
493 3515 602 3581 quiesse.
619 3529 643 3566 c.
660 3511 702 3566 56.
721 3513 771 3576 Qui
837 3507 860 3578 i.
871 3513 895 3566 5.
915 3509 981 3576 Sam
994 3529 1043 3563 sna
1057 3523 1145 3582 sponte
1159 3511 1252 3578 aegris
1261 3513 1321 3564 uni.

257 3583 345 3636 enema
357 3585 422 3649 iura
433 3579 524 3651 pepuli
541 3581 668 3632 oberisset.
687 3595 711 3630 c.
727 3579 770 3632 53.
804 3579 866 3640 oris,
878 3579 958 3646 legari
966 3581 999 3632 oi
1010 3577 1112 3646 regilius
1122 3583 1320 3647 supervenirent]

257 3648 591 3708 concucurrissent».
616 3645 771 3698 Tusculanos
804 3663 854 3698 suo
871 3645 976 3698 omittit
997 3644 1125 3696 Florent.
1147 3645 1240 3712 aegris
1259 3647 1322 3698 ceni·

210 3769 218 3783 ,
257 3719 292 3772 ab
304 3717 426 3769 societate
438 3715 554 3769 descisse.
572 3713 627 3768 Ubi
639 3710 667 3764 in
680 3709 769 3764 Palat.
803 3715 857 3766 mis
872 3711 902 3764 in
917 3709 1050 3764 omnibus
1069 3709 1170 3764 nostris
1192 3711 1322 3765 constan,

258 3799 316 3838 ecc.
330 3783 402 3836 mole
417 3781 523 3852 legitur
534 3781 640 3834 desisse.
660 3778 769 3831 GEBH.
804 3787 850 3831 ter
861 3779 993 3848 superest.
1011 3773 1109 3832 Sicubi
1124 3785 1220 3832 tamen
1234 3779 1320 3834 MSS.

257 3849 336 3903 Vere
350 3853 475 3913 excessis,
493 3866 548 3920 pro
558 3847 710 3910 excesseris,
729 3845 770 3897 in.
805 3844 978 3908 adnuerent,
997 3863 1026 3898 se
1038 3845 1279 3908 sollicitaturum,
1292 3857 1323 3900 et

258 3925 305 3975 ter
320 3915 494 3972 archaismos
510 3909 678 3970 Gebhardus
694 3922 771 3966 retu·
804 3916 894 3981 aegris
912 3914 997 3964 animi
1017 3912 1212 3983 repositurum
1231 3913 1322 3967 fnisse

258 3977 307 4046 lit,
327 3982 378 4036 scel
393 3981 498 4055 quibus
512 3981 614 4053 optimi
628 3979 690 4034 anvi
703 3983 771 4050 poi·
805 3979 934 4034 Gronov.
948 3979 1062 4032 testatur
1071 3976 1105 4032 ad
1117 3979 1161 4042 30,
1174 3981 1216 4045 15,
1225 3999 1251 4050 9.
1279 3979 1322 4033 Ne

258 4057 305 4104 ine
330 4049 499 4122 aliquando,
527 4051 683 4122 scriptores
704 4063 771 4116 pro·
805 4051 899 4100 tumen
909 4043 1026 4099 omnino
1035 4039 1322 4108 adfirmet,retincnt

147 4135 149 4142 ¹
260 4116 331 4176 euri
346 4129 396 4174 aut
408 4135 476 4172 raro
495 4123 544 4173 cut
558 4129 711 4188 numquam
728 4111 772 4168 uei
806 4105 898 4186 ipsum
917 4112 1059 4185 exemplu,
1083 4113 1134 4169 ubi
1150 4112 1253 4170 Livius
1273 4117 1341 4170 co·'
