2696 4706
61 401 64 420 Ι
173 327 232 372 m
323 315 329 322 ·
470 249 1012 374 'orosciu‘rofl

100 511 104 521 ’
174 523 310 612 blicam
327 522 502 612 admoto,
532 523 658 597 Musae
680 521 871 614 fecerunt,
898 524 972 642 elia
992 527 1140 602 ratione
1157 557 1285 606 com·

44 676 47 684 ¹
174 644 328 751 pensare
345 665 501 724 conotus
521 675 574 722 es.
610 649 710 722 Non
726 664 870 720 tutatum
887 631 986 722 enim
996 648 1265 734 bibliothecam

38 855 39 860 γ
174 791 275 858 tuem
296 774 404 874 quasi
429 737 646 874 publicasti,
678 791 716 847 et
739 773 899 849 codicea
914 773 972 846 tel
993 801 1106 849 manu
1126 777 1192 852 tel·
1201 797 1263 883 ty

173 900 231 1016 pis
246 900 469 999 descriptos,
511 923 697 998 quamque
719 896 830 973 eliam
847 899 1030 972 eruditam
1051 902 1264 1026 supellecti

34 1041 37 1047 '
176 1005 252 1096 lem
265 1023 491 1124 collegeras,
519 1022 607 1113 illis,
634 1051 699 1122 qui
689 1023 770 1098 ad
790 1041 828 1098 te
846 1023 1106 1116 decurrebant,
1128 1053 1264 1129 prom-0

177 1147 308 1220 tiffimo
326 1148 506 1220 enimoex
524 1139 835 1248 easuppeditasti:
861 1151 1134 1242 verumetiam,
1162 1178 1263 1252 quae
1329 1151 1334 1157 “

177 1289 243 1346 tue
268 1271 317 1343 est
348 1297 437 1369 erga
462 1271 573 1348 rinos·
587 1271 720 1344 doctos
752 1270 1036 1364 benevolentia,
1073 1264 1268 1351 tiernium

178 1404 266 1480 rota
287 1395 503 1497 praevenire
522 1396 623 1469 laudi
646 1396 714 1468 tibi
734 1396 907 1486 ducens,
930 1395 1061 1502 sponte
1083 1400 1193 1501 saepe
1211 1399 1263 1476 'ac

116 1563 117 1568 κ
178 1545 255 1592 non
271 1537 420 1619 rogatus
441 1519 621 1611 obtulisti,
659 1545 755 1619 quae
777 1518 819 1592 iis
841 1544 886 1590 ex
904 1521 971 1592 usu
990 1519 1116 1595 sutura
1132 1525 1263 1598 nudie-

177 1672 241 1720 raa
252 1643 274 1736 ,¹
289 1663 327 1718 et
356 1643 429 1747 ipai
452 1644 493 1716 in
520 1645 690 1718 thesauro
714 1660 782 1716 tuo
809 1641 990 1716 adservari
1012 1671 1060 1718 ne
1079 1647 1265 1748 suspicari

140 1828 143 1837 .
180 1769 332 1870 quidem
348 1787 533 1871 poterant.
584 1769 680 1844 Hinc
691 1769 822 1842 merito
835 1767 904 1841 tibi
913 1770 1079 1870 contigit,
1104 1789 1146 1844 ut
1156 1797 1259 1846 com·

178 1895 297 1968 munia
314 1895 503 1968 literarum
521 1911 559 1968 et
569 1893 686 1970 literis
701 1893 936 1995 operantium
954 1871 1135 1996 petronus
1147 1896 1263 1970 hebe-

180 2020 256 2094 aria
268 2071 282 2112 ,
323 2043 533 2118 nomenque
557 2026 661 2092 tuu'm
693 2018 793 2121 apud
818 2018 916 2092 cives
944 2037 981 2092 et
1001 2035 1146 2094 exteros
1165 2021 1263 2095 cele·

181 2143 594 2232 bratiffimumevaserit.
643 2141 979 2232 Haeoell'ecerunt,
1007 2144 1094 2218 VIR
1112 2141 1264 2222 INLU-

4 2372 7 2379 .
146 2296 151 2308 “
181 2268 472 2373 STRJSSIME,
496 2287 558 2358 ut,
587 2266 692 2368 quod
702 2265 897 2354 antediri,
923 2265 1264 2371 ipsemihipersua.

182 2396 311 2485 serim,
336 2416 554 2491 omnesque,
582 2387 822 2490 quiredditas
842 2390 1147 2491 rationeeaequa
1162 2421 1266 2468 men.

181 2521 230 2595 tia
246 2519 353 2594 lanoe
369 2515 631 2620 ponderat-int,
669 2516 709 2589 in
731 2517 899 2607 eamdem
917 2515 1135 2588 sententiam
1156 2515 1267 2618 pedi.

180 2645 250 2718 bue
267 2643 384 2716 ituros
406 2639 475 2715 esse
499 2640 538 2714 in
562 2639 724 2712 animum
744 2640 940 2729 inducam,
966 2637 1125 2730 nullius,
1152 2667 1266 2738 quam

83 2815 88 2830 ι
180 2787 267 2843 tnee
290 2768 447 2857 tutelae,
485 2763 690 2840 LIVJUM
704 2764 836 2839 melius
854 2763 956 2840 credi
976 2763 1089 2864 polle.
1140 2767 1189 2836 Et
1206 2782 1266 2851 taff

93 2989 95 2994 Ι
180 2919 266 2967 men
286 2893 343 2966 his
362 2891 533 2992 patiore
560 2905 776 2988 argumenta
795 2888 1008 2991 supersunt,
1046 2913 1142 2988 quae
1162 2887 1264 2960 evin.

181 3035 271 3094 cunt
279 3071 291 3109 ,
317 3043 375 3092 me
390 3015 451 3092 LI
449 3015 509 3094 VI
509 3014 594 3094 ΠΜ
607 3013 676 3087 tibi
691 3009 898 3086 obserendo
914 3019 993 3084 non
1010 3029 1155 3086 tantum
1173 3021 1268 3085 con·

63 3208 72 3232 ,
183 3142 326 3234 tilium,
353 3141 462 3244 quale
480 3140 667 3243 oportuit,
704 3137 835 3240 cepisse
847 3165 860 3230 3
896 3161 1021 3210 verum
1044 3134 1156 3208 etiem
1178 3161 1265 3237 per·

181 3293 310 3369 peram
322 3284 506 3356 actm-mn,
533 3266 771 3364 omniumque
786 3259 1265 3360 bonorumreprehensrone

184 3391 426 3489 dignissimum
446 3388 609 3464 summm
627 3388 755 3475 flate,
795 3386 828 3462 ai
844 3387 890 3460 de
916 3380 1087 3460 clientela
1112 3385 1192 3486 ejue
1212 3383 1271 3458 al-

103 3549 114 3561 ’
185 3515 261 3588 teri·
278 3515 462 3589 tradenda
492 3515 657 3614 cogitare
682 3511 884 3617 potuissem.
945 3508 1142 3608 Postquam
1168 3509 1266 3582 enim

185 3645 233 3716 tle
260 3641 438 3742 cujusque
457 3657 619 3714 veterum
642 3639 861 3740 scriptorum
888 3636 1028 3710 meritis
1050 3651 1152 3708 recte
1170 3626 1267 3734 judi·

88 3765 91 3770 ’
187 3764 298 3841 cendi
318 3763 532 3864 fucultatem
550 3782 681 3838 nactur
698 3788 739 3835 ea
749 3815 761 3854 ,
784 3788 898 3836 unum
916 3761 975 3838 LI
974 3757 1118 3852 VIUM
1125 3758 1269 3860 semper

186 3888 344 3966 maximo
361 3889 401 3961 ιιι
422 3887 542 3990 pretio
570 3887 745 3978 habuisti,
770 3885 964 3988 lacteaque
988 3888 1069 3987 ejus
1089 3883 1267 3985 eloquen-

188 4015 241 4106 tia
258 4013 409 4092 mirilioe
427 4031 557 4115 captus
582 4014 724 4115 ipsum,
760 4031 948 4112 tamquam
965 4007 1269 4110 elegantiffimnm
1295 3993 1301 4003 ¹

189 4139 427 4242 scriptorem,
463 4140 760 4239 groviffiolaeque
779 4134 1015 4241 auctoritatis
1040 4135 1266 4226 historicum,
